@article{UBDs,
author = {Zobolas, John and Tour{\'{e}}, Vasundra and Kuiper, Martin and Vercruysse, Steven},
doi = {10.1093/bioinformatics/btaa1065},
journal = {Bioinformatics},
number = {1},
pages = {143--144},
title = {{UniBioDicts: Unified access to Biological Dictionaries}},
url = {https://doi.org/10.1093/bioinformatics/btaa1065},
volume = {37},
year = {2020}
}

@misc{Zobolas2020-pubdict,
author = {Zobolas, John and Kim, Jin-Dong and Kuiper, Martin and Vercruysse, Steven},
doi = {10.37044/osf.io/gzfa8},
month = {dec},
publisher = {BioHackrXiv},
title = {{Linking PubDictionaries with UniBioDicts to support Community Curation}},
url = {biohackrxiv.org/gzfa8},
year = {2020}
}

@article{Zobolas2020,
author = {Zobolas, John and Kuiper, Martin and Flobak, {\AA}smund},
doi = {10.21105/joss.02583},
journal = {Journal of Open Source Software},
number = {53},
pages = {2583},
publisher = {The Open Journal},
title = {{emba: R package for analysis and visualization of biomarkers in boolean model ensembles}},
url = {https://doi.org/10.21105/joss.02583},
volume = {5},
year = {2020}
}

@misc{Zobolas2021-bias,
archivePrefix = {arXiv},
arxivId = {q-bio.MN/2104.01279},
author = {Zobolas, John and Monteiro, Pedro T and Kuiper, Martin and Flobak, {\AA}smund},
eprint = {2104.01279},
title = {{Boolean function metrics can assist modelers to check and choose logical rules}},
url = {http://arxiv.org/abs/2104.01279},
year = {2021}
}

@article{vsm-box,
author = {Vercruysse, Steven and Zobolas, John and Tour{\'{e}}, Vasundra and Andersen, Maria K and Kuiper, Martin},
doi = {10.20944/preprints202007.0557.v1},
journal = {Preprints},
publisher = {Preprints},
title = {{VSM-box: general-purpose interface for biocuration and knowledge representation}},
year = {2020}
}

@article{Toure2021,
author = {Tour{\'{e}}, Vasundra and Zobolas, John and Kuiper, Martin and Vercruysse, Steven},
doi = {10.1093/database/baaa107},
issn = {1758-0463},
journal = {Database},
month = {feb},
publisher = {Oxford University Press (OUP)},
title = {{CausalBuilder: bringing the MI2CAST causal interaction annotation standard to the curator}},
url = {https://academic.oup.com/database/article/doi/10.1093/database/baaa107/6129748},
volume = {2021},
year = {2021}
}

@article{Perfetto2019,
annote = {CausalTAB paper!},
author = {Perfetto, L and Acencio, M L and Bradley, G and Cesareni, G and {Del Toro}, N and Fazekas, D and Hermjakob, H and Korcsmaros, T and Kuiper, M and L{\ae}greid, A and {Lo Surdo}, P and Lovering, R C and Orchard, S and Porras, P and Thomas, P D and Tour{\'{e}}, V and Zobolas, J and Licata, L},
doi = {10.1093/bioinformatics/btz132},
editor = {Wren, Jonathan},
issn = {1367-4803},
journal = {Bioinformatics},
month = {feb},
title = {{CausalTAB: the PSI-MITAB 2.8 updated format for signalling data representation and dissemination}},
url = {https://academic.oup.com/bioinformatics/advance-article/doi/10.1093/bioinformatics/btz132/5355053},
year = {2019}
}

@misc{rtemps,
author = {Zobolas, John},
booktitle = {GitHub repository},
publisher = {GitHub},
title = {{Rtemps: R Templates for Reproducible Data Analyses}},
url = {https://github.com/bblodfon/rtemps},
year = {2020}
}

@book{Abbate2000,
author = {Abbate, Janet},
publisher = {MIT press},
title = {{Inventing the internet}},
year = {2000}
}

@article{Naughton2016,
author = {Naughton, John},
doi = {10.1080/23738871.2016.1157619},
issn = {2373-8871},
journal = {Journal of Cyber Policy},
month = {jan},
number = {1},
pages = {5--28},
publisher = {Informa UK Limited},
title = {{The evolution of the Internet: from military experiment to General Purpose Technology}},
url = {https://www.tandfonline.com/action/journalInformation?journalCode=rcyb20},
volume = {1},
year = {2016}
}

@article{Polasky2019,
author = {Polasky, Stephen and Kling, Catherine L. and Levin, Simon A. and Carpenter, Stephen R. and Daily, Gretchen C. and Ehrlich, Paul R. and Heal, Geoffrey M. and Lubchenco, Jane},
doi = {10.1073/pnas.1901616116},
issn = {10916490},
journal = {Proceedings of the National Academy of Sciences of the United States of America},
month = {mar},
number = {12},
pages = {5233--5238},
pmid = {30890656},
publisher = {National Academy of Sciences},
title = {{Role of economics in analyzing the environment and sustainable development}},
url = {www.pnas.org/cgi/doi/10.1073/pnas.1901616116},
volume = {116},
year = {2019}
}

@misc{Roser2013,
author = {Roser, Max and Ortiz-Ospina, Esteban and Ritchie, Hannah},
title = {{Life Expectancy}},
url = {https://ourworldindata.org/life-expectancy},
urldate = {2021-05-11},
year = {2013}
}

@article{Jinek2012,
author = {Jinek, Martin and Chylinski, Krzysztof and Fonfara, Ines and Hauer, Michael and Doudna, Jennifer A and Charpentier, Emmanuelle},
journal = {science},
number = {6096},
pages = {816--821},
publisher = {American Association for the Advancement of Science},
title = {{A programmable dual-RNA--guided DNA endonuclease in adaptive bacterial immunity}},
volume = {337},
year = {2012}
}

@article{Zhu2020,
author = {Zhu, Haocheng and Li, Chao and Gao, Caixia},
doi = {10.1038/s41580-020-00288-9},
issn = {14710080},
journal = {Nature Reviews Molecular Cell Biology},
keywords = {Molecular engineering,Plant molecular biology},
month = {nov},
number = {11},
pages = {661--677},
pmid = {32973356},
publisher = {Nature Research},
title = {{Applications of CRISPRâ€“Cas in agriculture and plant biotechnology}},
url = {www.nature.com/nrm},
volume = {21},
year = {2020}
}

@book{Bailey2020,
author = {Bailey, Ronald and Tupy, Marian L},
publisher = {Cato Institute},
title = {{Ten Global Trends Every Smart Person Should Know: And Many Others You Will Find Interesting}},
year = {2020}
}

@incollection{Vazquez2010,
author = {V{\'{a}}zquez, Miguel and Nogales, Rub{\'{e}}n and Carmona, Pedro and Pascual, Alberto and Pav{\'{o}}n, Juan},
doi = {10.1007/978-3-642-13214-8_26},
pages = {201--208},
publisher = {Springer, Berlin, Heidelberg},
title = {{Rbbt: A Framework for Fast Bioinformatics Development with Ruby}},
year = {2010}
}

@article{Flobak2017,
author = {Flobak, {\AA}smund and Vazquez, Miguel and L{\ae}greid, Astrid and Valencia, Alfonso},
doi = {10.1093/bioinformatics/btx161},
issn = {1367-4803},
journal = {Bioinformatics},
month = {aug},
number = {15},
pages = {2410--2412},
title = {{CImbinator: a web-based tool for drug synergy analysis in small- and large-scale datasets}},
volume = {33},
year = {2017}
}

@article{Gibbons1999,
author = {Gibbons, Michael},
doi = {10.1038/35011576},
issn = {00280836},
journal = {Nature},
keywords = {Humanities and Social Sciences,Science,multidisciplinary},
month = {dec},
pages = {C81--C84},
publisher = {Nature Publishing Group},
title = {{Science's new social contract with society}},
url = {www.nature.com},
volume = {402},
year = {1999}
}

@misc{HAQ2015,
title = {{Healthcare Access and Quality Index}},
url = {https://ourworldindata.org/grapher/healthcare-access-and-quality-index},
urldate = {2021-05-13},
year = {2015}
}

@article{Apweiler2018,
author = {Apweiler, Rolf and Beissbarth, Tim and Berthold, Michael R and Bl{\"{u}}thgen, Nils and Burmeister, Yvonne and Dammann, Olaf and Deutsch, Andreas and Feuerhake, Friedrich and Franke, Andre and Hasenauer, Jan and Hoffmann, Steve and H{\"{o}}fer, Thomas and Jansen, Peter LM and Kaderali, Lars and Klingm{\"{u}}ller, Ursula and Koch, Ina and Kohlbacher, Oliver and Kuepfer, Lars and Lammert, Frank and Maier, Dieter and Pfeifer, Nico and Radde, Nicole and Rehm, Markus and Roeder, Ingo and Saez-Rodriguez, Julio and Sax, Ulrich and Schmeck, Bernd and Schuppert, Andreas and Seilheimer, Bernd and Theis, Fabian J and Vera, Julio and Wolkenhauer, Olaf},
doi = {10.1038/emm.2017.290},
issn = {2092-6413},
journal = {Experimental {\&} Molecular Medicine},
month = {mar},
number = {3},
pages = {e453},
publisher = {Nature Publishing Group},
title = {{Whither systems medicine?}},
url = {http://www.nature.com/doifinder/10.1038/emm.2017.290},
volume = {50},
year = {2018}
}

@article{Flobak2019,
author = {Flobak, {\AA}smund and Niederdorfer, Barbara and Nakstad, Vu To and Thommesen, Liv and Klinkenberg, Geir and L{\ae}greid, Astrid},
doi = {10.1038/s41597-019-0255-7},
issn = {20524463},
journal = {Scientific data},
month = {oct},
number = {1},
pages = {237},
publisher = {NLM (Medline)},
title = {{A high-throughput drug combination screen of targeted small molecule inhibitors in cancer cell lines}},
volume = {6},
year = {2019}
}

